<?xml version="1.0" encoding="UTF-8"?>
<record xmlns="http://www.loc.gov/MARC21/slim" xmlns:xsi="http://www.w3.org/2001/XMLSchema-instance" xsi:schemaLocation="http://www.loc.gov/MARC21/slim http://www.loc.gov/standards/marcxml/schema/MARC21slim.xsd">
<leader>00000cam a22      a 4500</leader>
<controlfield tag="001">001683126</controlfield>
<controlfield tag="003">NNU</controlfield>
<controlfield tag="005">20150401171549.0</controlfield>
<controlfield tag="008">040525s1911    ua            000 p ara</controlfield>
<datafield tag="010" ind1=" " ind2=" ">
<subfield code="a">   73219937</subfield>
</datafield>
<datafield tag="035" ind1=" " ind2=" ">
<subfield code="a">(OCoLC)55484463</subfield>
<subfield code="z">(OCoLC)82203598</subfield>
</datafield>
<datafield tag="040" ind1=" " ind2=" ">
<subfield code="a">ZYU</subfield>
<subfield code="b">eng</subfield>
<subfield code="c">ZYU</subfield>
<subfield code="d">OCLCQ</subfield>
<subfield code="d">UUM</subfield>
<subfield code="d">OCLCO</subfield>
<subfield code="d">OCLCQ</subfield>
<subfield code="d">NNU</subfield>
</datafield>
<datafield tag="050" ind1=" " ind2="4">
<subfield code="a">PJ7846.A4845</subfield>
<subfield code="b">A17 1911</subfield>
</datafield>
<datafield tag="100" ind1="0" ind2=" ">
<subfield code="6">880-01</subfield>
<subfield code="a">Maḥmūd Ṣafwat,</subfield>
<subfield code="d">1825 or 1826-1880 or 1881.</subfield>
</datafield>
<datafield tag="245" ind1="1" ind2="0">
<subfield code="6">880-02</subfield>
<subfield code="a">Dīwān al-marḥūm Maḥmūd Afandī Ṣafwat al-shahīr bi-al-Sāʻātī /</subfield>
<subfield code="c">jamaʻahu Muṣṭafá Rashīd Bik wa-ṭabaʻahu ʻalá nafaqatih.</subfield>
</datafield>
<datafield tag="260" ind1=" " ind2=" ">
<subfield code="6">880-03</subfield>
<subfield code="a">Miṣr :</subfield>
<subfield code="b">Maṭbaʻat al-Maʻārif,</subfield>
<subfield code="c">1911.</subfield>
</datafield>
<datafield tag="300" ind1=" " ind2=" ">
<subfield code="a">6, 176 pages ;</subfield>
<subfield code="c">24 cm</subfield>
</datafield>
<datafield tag="336" ind1=" " ind2=" ">
<subfield code="a">text</subfield>
<subfield code="b">txt</subfield>
<subfield code="2">rdacontent</subfield>
</datafield>
<datafield tag="337" ind1=" " ind2=" ">
<subfield code="a">unmediated</subfield>
<subfield code="b">n</subfield>
<subfield code="2">rdamedia</subfield>
</datafield>
<datafield tag="338" ind1=" " ind2=" ">
<subfield code="a">volume</subfield>
<subfield code="b">nc</subfield>
<subfield code="2">rdacarrier</subfield>
</datafield>
<datafield tag="700" ind1="1" ind2=" ">
<subfield code="6">880-04</subfield>
<subfield code="a">Rashīd, Muṣṭafá,</subfield>
<subfield code="c">Bik.</subfield>
</datafield>
<datafield tag="880" ind1="1" ind2=" ">
<subfield code="6">100-01/</subfield>
<subfield code="a">ساعاتي، محمود صفوت،,</subfield>
<subfield code="d">1825 or 1826-1880 or 1881.</subfield>
</datafield>
<datafield tag="880" ind1="1" ind2="0">
<subfield code="6">245-02/</subfield>
<subfield code="a">ديوان المرحوم محمود أفندي صفوت الشهير بالساعاتي /</subfield>
<subfield code="c">جمعه مصطفى رشيد وطبعه على نفقته.</subfield>
</datafield>
<datafield tag="880" ind1=" " ind2=" ">
<subfield code="6">260-03/</subfield>
<subfield code="a">مصر :</subfield>
<subfield code="b">مطبعة المعارف،</subfield>
<subfield code="c">1911.</subfield>
</datafield>
<datafield tag="880" ind1="1" ind2=" ">
<subfield code="6">700-04/</subfield>
<subfield code="a">رشيد، مصطفى،</subfield>
<subfield code="c">بك.</subfield>
</datafield>
<datafield tag="OWN" ind1=" " ind2=" ">
<subfield code="a">GENERAL</subfield>
</datafield>
<datafield tag="AVA" ind1=" " ind2=" ">
<subfield code="a">NYU50</subfield>
<subfield code="b">BOBST</subfield>
<subfield code="c">Main Collection</subfield>
<subfield code="d">PJ7862 .A245 1911</subfield>
<subfield code="e">unavailable</subfield>
<subfield code="t">Unavailable</subfield>
<subfield code="f">1</subfield>
<subfield code="g">1</subfield>
<subfield code="h">N</subfield>
<subfield code="i">0</subfield>
<subfield code="j">MAIN</subfield>
<subfield code="k">0</subfield>
</datafield>
</record>
